<?xml version="1.0" encoding="UTF-8"?>
<SOAP-ENV:Envelope xmlns:SOAP-ENV="http://schemas.xmlsoap.org/soap/envelope/" xmlns:of="http://oss.dbc.dk/ns/openformat" xmlns:ofo="http://oss.dbc.dk/ns/openformatoutput"><SOAP-ENV:Body><of:formatResponse><marc:record xmlns:marc="http://www.loc.gov/MARC21/slim"><leader>00000nam a22000000c 4500</leader><controlfield tag="001">870970:05174430</controlfield><controlfield tag="003">DKDLA</controlfield><controlfield tag="005">20010128224732.0</controlfield><controlfield tag="007">ta</controlfield><controlfield tag="008">770826s1977    dk |||||||||| 00||pmul||</controlfield><datafield ind1="0" ind2=" " tag="100"><subfield code="a">Rahman Baba</subfield></datafield><datafield ind1=" " ind2="0" tag="245"><subfield code="a">Selections from Rahman Baba</subfield></datafield><datafield ind1=" " ind2=" " tag="260"><subfield code="b">Poul Kristensen,</subfield><subfield code="c">1977</subfield></datafield><datafield ind1=" " ind2=" " tag="300"><subfield code="a">190 sider</subfield></datafield><datafield ind1="1" ind2=" " tag="700"><subfield code="a">Enevoldsen, Jens,</subfield><subfield code="d">f. 1922</subfield></datafield></marc:record></of:formatResponse></SOAP-ENV:Body></SOAP-ENV:Envelope>
